@article{katipamula2005methods1,
  title={Methods for fault detection, diagnostics, and prognostics for building systems—a review, part I},
  author={Katipamula, Srinivas and Brambley, Michael R},
  journal={Hvac\&R Research},
  volume={11},
  number={1},
  pages={3--25},
  year={2005},
  publisher={Taylor \& Francis}
}

@article{katipamula2005methods2,
  title={Methods for fault detection, diagnostics, and prognostics for building systems—a review, part II},
  author={Katipamula, Srinivas and Brambley, Michael R},
  journal={Hvac\&R Research},
  volume={11},
  number={2},
  pages={169--187},
  year={2005},
  publisher={Taylor \& Francis}
}

@article{williamson1989box,
  title={The box plot: a simple visual method to interpret data},
  author={Williamson, David F and Parker, Robert A and Kendrick, Juliette S},
  journal={Annals of internal medicine},
  volume={110},
  number={11},
  pages={916--921},
  year={1989},
  publisher={Am Coll Physicians}
}

@inproceedings{van1999cluster,
  title={Cluster and calendar based visualization of time series data},
  author={Van Wijk, Jarke J and Van Selow, Edward R},
  booktitle={Information Visualization, 1999.(Info Vis' 99) Proceedings. 1999 IEEE Symposium on},
  pages={4--9},
  year={1999},
  organization={IEEE}
}

@article{sid2013detection,
  title={Detection and classification of the behavior of people in an intelligent building by camera.},
  author={Sid Ahmed, Henni and Mohamed Faouzi, Belbachir and Caelen, Jean},
  journal={International Journal on Smart Sensing \& Intelligent Systems},
  volume={6},
  number={4},
  year={2013}
}

@article{huang2017occupancy,
  title={Occupancy estimation in smart building using hybrid CO2/light wireless sensor network},
  author={Huang, Qian and Mao, Chen},
  journal={Journal of Applied Sciences and Arts},
  volume={1},
  number={2},
  pages={5},
  year={2017}
}


@inproceedings{uziel2013networked,
  title={Networked embedded acoustic processing system for smart building applications},
  author={Uziel, Sebastian and Elste, Thomas and Kattanek, Wolfram and Hollosi, Danilo and Gerlach, Stephan and Goetze, Stefan},
  booktitle={Design and Architectures for Signal and Image Processing (DASIP), 2013 Conference on},
  pages={349--350},
  year={2013},
  organization={IEEE}
}
@article{kelly2014application,
  title={Application of acoustic sensing technology for improving building energy efficiency},
  author={Kelly, Blaise and Hollosi, Danilo and Cousin, Philippe and Leal, Sergio and Igl{\'a}r, Branislav and Cavallaro, Andrea},
  journal={Procedia Computer Science},
  volume={32},
  pages={661--664},
  year={2014},
  publisher={Elsevier}
}

@article{andreou2013thermal,
  title={Thermal comfort in outdoor spaces and urban canyon microclimate},
  author={Andreou, E},
  journal={Renewable energy},
  volume={55},
  pages={182--188},
  year={2013},
  publisher={Elsevier}
}

@article{nguyen2013energy,
  title={Energy intelligent buildings based on user activity: A survey},
  author={Nguyen, Tuan Anh and Aiello, Marco},
  journal={Energy and buildings},
  volume={56},
  pages={244--257},
  year={2013},
  publisher={Elsevier}
}

@article{cuff2008urban,
  title={Urban sensing: out of the woods},
  author={Cuff, Dana and Hansen, Mark and Kang, Jerry},
  journal={Communications of the ACM},
  volume={51},
  number={3},
  pages={24--33},
  year={2008},
  publisher={ACM}
}

@inproceedings{campbell2006people,
  title={People-centric urban sensing},
  author={Campbell, Andrew T and Eisenman, Shane B and Lane, Nicholas D and Miluzzo, Emiliano and Peterson, Ronald A},
  booktitle={Proceedings of the 2nd annual international workshop on Wireless internet},
  pages={18},
  year={2006},
  organization={ACM}
}

@article{burke2006participatory,
  title={Participatory sensing},
  author={Burke, Jeffrey A and Estrin, Deborah and Hansen, Mark and Parker, Andrew and Ramanathan, Nithya and Reddy, Sasank and Srivastava, Mani B},
  journal={Center for Embedded Network Sensing},
  year={2006}
}

@article{abdelzaher2007mobiscopes,
  title={Mobiscopes for human spaces},
  author={Abdelzaher, Tarek and Anokwa, Yaw and Boda, Peter and Burke, Jeff and Estrin, Deborah and Guibas, Leonidas and Kansal, Aman and Madden, Samuel and Reich, Jim},
  journal={IEEE pervasive computing},
  volume={6},
  number={2},
  year={2007},
  publisher={IEEE}
}

@article{zanella2014internet,
  title={Internet of things for smart cities},
  author={Zanella, Andrea and Bui, Nicola and Castellani, Angelo and Vangelista, Lorenzo and Zorzi, Michele},
  journal={IEEE Internet of Things journal},
  volume={1},
  number={1},
  pages={22--32},
  year={2014},
  publisher={IEEE}
}


@article{holten2006hierarchical,
  title={Hierarchical edge bundles: Visualization of adjacency relations in hierarchical data},
  author={Holten, Danny},
  journal={IEEE Transactions on visualization and computer graphics},
  volume={12},
  number={5},
  pages={741--748},
  year={2006},
  publisher={IEEE}
}

@book{bickel2015mathematical,
  title={Mathematical statistics: basic ideas and selected topics},
  author={Bickel, Peter J and Doksum, Kjell A},
  volume={2},
  year={2015},
  publisher={CRC Press}
}

@inproceedings{kohavi2001data,
  title={Data mining and visualization},
  author={Kohavi, Ron},
  booktitle={Sixth Annual Symposium on Frontiers of Engineering},
  pages={30--40},
  year={2001},
  organization={National Academy Press, DC}
}

@article{labeodan2015occupancy,
  title={Occupancy measurement in commercial office buildings for demand-driven control applications—A survey and detection system evaluation},
  author={Labeodan, Timilehin and Zeiler, Wim and Boxem, Gert and Zhao, Yang},
  journal={Energy and Buildings},
  volume={93},
  pages={303--314},
  year={2015},
  publisher={Elsevier}
}

@book{witten2016data,
  title={Data Mining: Practical machine learning tools and techniques},
  author={Witten, Ian H and Frank, Eibe and Hall, Mark A and Pal, Christopher J},
  year={2016},
  publisher={Morgan Kaufmann}
}

@article{nassif2012,
  title={ A robust CO2 - based demand - controlled ventilation control strategy for multizone HVAC systems. },
  author={Nassif, N.},
  journal={Energy and Buildings},
  year={2012}
}

@article{george2014big,
  title={Big data and management},
  author={George, Gerard and Haas, Martine R and Pentland, Alex},
  journal={Academy of Management Journal},
  volume={57},
  number={2},
  pages={321--326},
  year={2014},
  publisher={Academy of Management}
}


@article{aparicio2014,
title={Data visualization},
author={Aparicio M. & Costa C. J.}, 
year={2014},
publisher={Communication Design Quarterly 3.1}  
}

@article{katipamula2005methods,
  title={Methods for fault detection, diagnostics, and prognostics for building systems—a review, part I},
  author={Katipamula, Srinivas and Brambley, Michael R},
  journal={Hvac\&R Research},
  volume={11},
  number={1},
  pages={3--25},
  year={2005},
  publisher={Taylor \& Francis}
}

@book{cohen2013applied,
  title={Applied multiple regression/correlation analysis for the behavioral sciences},
  author={Cohen, Jacob and Cohen, Patricia and West, Stephen G and Aiken, Leona S},
  year={2013},
  publisher={Routledge}
}


@article{gahmm_manual,
	title={HMM Python library},
	author={http://hmmlearn.readthedocs.io/en/latest/index.html},
	year={2010-2016},
	journal={hmmlearn developers (BSD License)},
	volume={7dc43970}
}


@article{bergmeir2015note,
  title={A Note on the Validity of Cross-Validation for Evaluating Time Series Prediction},
  author={Bergmeir, Christoph and Hyndman, Rob J and Koo, Bonsoo and others},
  journal={Monash University, Department of Econometrics and Business Statistics, Tech. Rep.},
  year={2015}
}


@phdthesis{murphy2002dynamic,
  title={Dynamic bayesian networks: representation, inference and learning},
  author={Murphy, Kevin Patrick},
  year={2002},
  school={University of California, Berkeley}
}
@article{eguchi2006interpreting,
  title={Interpreting kullback--leibler divergence with the neyman--pearson lemma},
  author={Eguchi, Shinto and Copas, John},
  journal={Journal of Multivariate Analysis},
  volume={97},
  number={9},
  pages={2034--2040},
  year={2006},
  publisher={Elsevier}
}

@article{coetzee2005correcting,
  title={Correcting the Kullback--Leibler distance for feature selection},
  author={Coetzee, Frans M},
  journal={Pattern Recognition Letters},
  volume={26},
  number={11},
  pages={1675--1683},
  year={2005},
  publisher={Elsevier}
}
@phdthesis{sui2013information,
  title={Information Gain Feature Selection Based on Feature Interactions},
  author={Sui, Bangsheng},
  year={2013},
  school={University of Houston}
}


@article{djamila2017indoor,
  title={Indoor thermal comfort predictions: Selected issues and trends},
  author={Djamila, Harimi},
  journal={Renewable and Sustainable Energy Reviews},
  volume={74},
  pages={569--580},
  year={2017},
  publisher={Elsevier}
}

@book{dymarski2011hidden,
  title={Hidden Markov Models: Theory and Applications},
  author={Dymarski, Przemyslaw},
  year={2011},
  publisher={InTech}
}

@article{web_NIOSH,
title={INDOOR ENVIRONMENTAL QUALITY},
author={The National Institute for Occupational Safety and Health (NIOSH)},
year={2015},
publisher={The National Institute for Occupational Safety and Health (https://www.cdc.gov/niosh/topics/indoorenv/), Atlanta}
}
@article{owens2012measuring,
  title={Measuring Commercial Building Performance},
  author={Owens, Brendan},
  journal={ASHRAE Journal},
  volume={54},
  number={7},
  pages={48},
  year={2012},
  publisher={American Society of Heating, Refrigeration and Air Conditioning Engineers, Inc.}
}

@inproceedings{miller2015forensically,
  title={Forensically discovering simulation feedback knowledge from a campus energy information system},
  author={Miller, Clayton and Schlueter, Arno},
  booktitle={Proceedings of the Symposium on Simulation for Architecture \& Urban Design},
  pages={136--143},
  year={2015},
  organization={Society for Computer Simulation International}
}

@article{batterman2017review,
  title={Review and Extension of CO2-Based Methods to Determine Ventilation Rates with Application to School Classrooms},
  author={Batterman, Stuart},
  journal={International journal of environmental research and public health},
  volume={14},
  number={2},
  pages={145},
  year={2017},
  publisher={Multidisciplinary Digital Publishing Institute}
}


@article{saraccli2013comparison,
  title={Comparison of hierarchical cluster analysis methods by cophenetic correlation},
  author={Sara{\c{c}}li, Sinan and Dogan, Nurhan and {\.I}smet},
  journal={Journal of Inequalities and Applications},
  volume={2013},
  number={1},
  pages={203},
  year={2013},
  publisher={Springer}
}

@book{maimon2007soft,
  title={Soft computing for knowledge discovery and data mining},
  author={Maimon, Oded and Rokach, Lior},
  year={2007},
  publisher={Springer Science \& Business Media}
}


@article{mullner2011modern,
  title={Modern hierarchical, agglomerative clustering algorithms},
  author={M{\"u}llner, Daniel},
  journal={arXiv preprint arXiv:1109.2378},
  year={2011}
}

@article{dong2010information,
  title={An information technology enabled sustainability test-bed (ITEST) for occupancy detection through an environmental sensing network},
  author={Dong, Bing and Andrews, Burton and Lam, Khee Poh and H{\"o}ynck, Michael and Zhang, Rui and Chiou, Yun-Shang and Benitez, Diego},
  journal={Energy and Buildings},
  volume={42},
  number={7},
  pages={1038--1046},
  year={2010},
  publisher={Elsevier}
}

@article{prill2000measure,
  title={Why measure carbon dioxide inside buildings},
  author={Prill, Rich and others},
  journal={Published by Washington State University Extension Energy Program WSUEEP07},
  volume={3},
  year={2000}
}

@article{lee2000indoor,
  title={Indoor and outdoor air quality investigation at schools in Hong Kong},
  author={Lee, SC and Chang, M},
  journal={Chemosphere},
  volume={41},
  number={1},
  pages={109--113},
  year={2000},
  publisher={Elsevier}
}

@article{erdmann2002indoor,
  title={Indoor carbon dioxide concentrations and sick building syndrome symptoms in the BASE study revisited: Analyses of the 100 building dataset},
  author={Erdmann, Christine A and Steiner, Kate C and Apte, Michael G},
  journal={Lawrence Berkeley National Laboratory},
  year={2002}
}
@article{sherman2012equivalence,
  title={Equivalence in ventilation and indoor air quality},
  author={Sherman, Max H and Walker, Iain S and Logue, Jennifer M},
  journal={HVAC\&R Research},
  volume={18},
  number={4},
  pages={760--773},
  year={2012},
  publisher={Taylor \& Francis}
}

@article{persily1997evaluating,
  title={Evaluating building IAQ and ventilation with indoor carbon dioxide},
  author={Persily, Andrew K},
  journal={Transactions-American society of heating refrigerating and air conditioning engineers},
  volume={103},
  pages={193--204},
  year={1997},
  publisher={ASHRAE AMERICAN SOCIETY HEATING REFRIGERATING}
}

@article{standard2001standard,
  title={Standard 62-2001},
  author={Standard, ASHRAE},
  journal={Ventilation for acceptable indoor air quality},
  year={2001}
}




@inproceedings{artf_light_1980,
  title={Predicting artificial lighting use - a method based upon
observed patterns of behaviour},
  author={Hunt, D. R. G.},
  booktitle={Lighting Research \& Technology 12.1},
  pages={7-14},
  year={1980},
  organization={Lighting Research \& Technology}
}

@inproceedings{page_2008,
  title={A generalised stochastic model for the simulation of occupant presence.},
  author={Page, Jessen et al.},
  booktitle={Energy and buildings 40.2},
  pages={83-98},
  year={2008}
}

@inproceedings{wang_2005,
  title={Modeling occupancy in single person offices.},
  author={Wang, Danni, Clifford C. Federspiel and Francis Rubinstein},
  booktitle={Energy and buildings 37.2},
  pages={121-126},
  year={2005}
}

@article{profile_comp_2001,
  title={Compilation of Diversity Factors and Schedules for Energy and Cooling Load Calculations, ASHRAE Research Project 1093-RP, Final Report},
  author={Abushakra, Bass and Sreshthaputra, Atch and Haberl, Jeff S and Claridge, David E},
  year={2001},
  publisher={Energy Systems Laboratory (http://esl. tamu. edu), Texas A\&M University}
}

@article{miller2015automated,
  title={Automated daily pattern filtering of measured building performance data},
  author={Miller, Clayton and Nagy, Zolt{\'a}n and Schlueter, Arno},
  journal={Automation in Construction},
  volume={49},
  pages={1--17},
  year={2015},
  publisher={Elsevier}
}

@article{davis2010occupancy,
  title={Occupancy diversity factors for common university building types},
  author={Davis, James A and Nutter, Darin W},
  journal={Energy and buildings},
  volume={42},
  number={9},
  pages={1543--1551},
  year={2010},
  publisher={Elsevier}
}

@article{duarte2013revealing,
  title={Revealing occupancy patterns in an office building through the use of occupancy sensor data},
  author={Duarte, Carlos and Van Den Wymelenberg, Kevin and Rieger, Craig},
  journal={Energy and Buildings},
  volume={67},
  pages={587--595},
  year={2013},
  publisher={Elsevier}
}

@article{baur2007multivariate,
  title={Multivariate analysis},
  author={Baur, Nina and Lamnek, Siegfried},
  journal={The Blackwell Encyclopedia of Sociology. Blackwell Publishing Ltd},
  pages={5176--5179},
  year={2007}
}

@article{ramage2007hidden,
  title={Hidden Markov models fundamentals},
  author={Ramage, Daniel},
  journal={Lecture Notes. http://cs229. stanford. edu/section/cs229-hmm. pdf},
  year={2007}
}

@inproceedings{seymore1999learning,
  title={Learning hidden Markov model structure for information extraction},
  author={Seymore, Kristie and McCallum, Andrew and Rosenfeld, Roni},
  booktitle={AAAI-99 workshop on machine learning for information extraction},
  pages={37--42},
  year={1999}
}

@inproceedings{haussler1996generalized,
  title={A generalized hidden Markov model for the recognition of human genes in DNA},
  author={Haussler, David Kulp David and Eeckman, Martin G Reese Frank H},
  booktitle={Proc. Int. Conf. on Intelligent Systems for Molecular Biology, St. Louis},
  pages={134--142},
  year={1996}
}

@article{ghahramani2001introduction,
  title={An introduction to hidden Markov models and Bayesian networks},
  author={Ghahramani, Zoubin},
  journal={International journal of pattern recognition and artificial intelligence},
  volume={15},
  number={01},
  pages={9--42},
  year={2001},
  publisher={World Scientific}
}

@article{stamp2004revealing,
  title={A revealing introduction to hidden Markov models},
  author={Stamp, Mark},
  journal={Department of Computer Science San Jose State University},
  year={2004}
}

@phdthesis{pfundstein2011hidden,
  title={Hidden Markov Models with Generalised Emission Distribution for the Analysis of High-Dimensional, Non-Euclidean Data},
  author={Pfundstein, Georg},
  year={2011},
  school={Institut f{\"u}r Statistik}
}

@article{bilmes1998gentle,
  title={A gentle tutorial of the EM algorithm and its application to parameter estimation for Gaussian mixture and hidden Markov models},
  author={Bilmes, Jeff A and others},
  journal={International Computer Science Institute},
  volume={4},
  number={510},
  pages={126},
  year={1998}
}

@inproceedings{wiborg2014applied,
  title={Applied statistical quality control on field measurement data},
  author={Wiborg, Erik and Hulaas, Harald and Francke, Hakon and Bureau, Flow Design and Nielsen, Torbjrn Kristian},
  booktitle={Proceedings of the 10th international conference of hydraulic efficiency measurement},
  year={2014}
}

@article{zimek2014ensembles,
  title={Ensembles for unsupervised outlier detection: challenges and research questions a position paper},
  author={Zimek, Arthur and Campello, Ricardo JGB and Sander, J{\"o}rg},
  journal={Acm Sigkdd Explorations Newsletter},
  volume={15},
  number={1},
  pages={11--22},
  year={2014},
  publisher={ACM}
}

@article{rebetez2008monthly,
  title={Monthly air temperature trends in Switzerland 1901--2000 and 1975--2004},
  author={Rebetez, M and Reinhard, M},
  journal={Theoretical and Applied Climatology},
  volume={91},
  number={1},
  pages={27--34},
  year={2008},
  publisher={Springer}
}

@article{gubbi2013internet,
  title={Internet of Things (IoT): A vision, architectural elements, and future directions},
  author={Gubbi, Jayavardhana and Buyya, Rajkumar and Marusic, Slaven and Palaniswami, Marimuthu},
  journal={Future generation computer systems},
  volume={29},
  number={7},
  pages={1645--1660},
  year={2013},
  publisher={Elsevier}
}

@article{benezeth2011towards,
  title={Towards a sensor for detecting human presence and characterizing activity},
  author={Benezeth, Yannick and Laurent, H{\'e}lene and Emile, Bruno and Rosenberger, Christophe},
  journal={Energy and Buildings},
  volume={43},
  number={2},
  pages={305--314},
  year={2011},
  publisher={Elsevier}
}

@article{roman2015,
  title={Design and evaluation of a visual data exploration tool for multivariate building data},
  author={Roman Baeriswyl},
  journal={Human Building Interaction, HUMAN - IST, Univesity of Fribourg},
  year={2015}
}

@article{capozzoli2015fault,
  title={Fault detection analysis using data mining techniques for a cluster of smart office buildings},
  author={Capozzoli, Alfonso and Lauro, Fiorella and Khan, Imran},
  journal={Expert Systems with Applications},
  volume={42},
  number={9},
  pages={4324--4338},
  year={2015},
  publisher={Elsevier}
}

@article{de2017occupancy,
  title={Occupancy-based lighting control in open-plan office spaces: A state-of-the-art review},
  author={de Bakker, Christel and Aries, Myriam and Kort, Helianthe and Rosemann, Alexander},
  journal={Building and Environment},
  volume={112},
  pages={308--321},
  year={2017},
  publisher={Elsevier}
}

@article{abdallah2015developing,
  title={Developing a Thermal Comfort Report Card for Building},
  author={Abdallah, Moatassem and Clevenger, Caroline and Golparvar-Fard, Mani},
  journal={Procedia Engineering},
  volume={118},
  pages={675--682},
  year={2015},
  publisher={Elsevier}
}


@inproceedings{dong2009sensor,
  title={Sensor-based occupancy behavioral pattern recognition for energy and comfort management in intelligent buildings},
  author={Dong, Bing and Andrews, Burton},
  booktitle={Proceedings of building simulation},
  pages={1444--1451},
  year={2009}
}

@article{kim2017review,
  title={A Review of Fault Detection and Diagnostics Methods for Building Systems},
  author={Kim, Woohyun and Katipamula, Srinivas},
  journal={Science and Technology for the Built Environment},
  number={just-accepted},
  pages={00--00},
  year={2017},
  publisher={Taylor \& Francis}
}

@article{lin2007experiencing,
  title={Experiencing SAX: a novel symbolic representation of time series},
  author={Lin, Jessica and Keogh, Eamonn and Li, Wei and Lonardi, Stefano},
  journal={Data Mining and knowledge discovery},
  volume={15},
  number={2},
  pages={107},
  year={2007},
  publisher={Springer}
}


@inproceedings{lin2003symbolic,
  title={A symbolic representation of time series, with implications for streaming algorithms},
  author={Lin, Jessica and Keogh, Eamonn and Lonardi, Stefano and Chiu, Bill},
  booktitle={Proceedings of the 8th ACM SIGMOD workshop on Research issues in data mining and knowledge discovery},
  pages={2--11},
  year={2003},
  organization={ACM}
}

@inproceedings{keogh2005hot,
  title={Hot sax: Efficiently finding the most unusual time series subsequence},
  author={Keogh, Eamonn and Lin, Jessica and Fu, Ada},
  booktitle={Data mining, fifth IEEE international conference on},
  pages={8--pp},
  year={2005},
  organization={Ieee}
}

@book{li2015encyclopedia,
  title={Encyclopedia of biometrics},
  author={Li, Stan Z and Jain, Anil},
  year={2015},
  publisher={Springer Publishing Company, Incorporated}
}

@article{butler2015sax,
  title={Sax discretization does not guarantee equiprobable symbols},
  author={Butler, Matthew and Kazakov, Dimitar},
  journal={IEEE Transactions on Knowledge and Data Engineering},
  volume={27},
  number={4},
  pages={1162--1166},
  year={2015},
  publisher={IEEE}
}





